% Encoding: UTF-8
@article{atanasov2014nonmyopic,
  title={Nonmyopic view planning for active object classification and pose estimation},
  author={Atanasov, Nikolay and Sankaran, Bharath and Le Ny, Jerome and Pappas, George J and Daniilidis, Kostas},
  journal={IEEE Transactions on Robotics},
  volume={30},
  number={5},
  pages={1078--1090},
  year={2014},
  publisher={IEEE}
}

@article{pirovano2011,
  title={Kinfu--an open source implementation of Kinect Fusion+ case study: implementing a 3D scanner with PCL},
  author={Pirovano, Michele},
  journal={Project Assignment, 3D structure from visual motion, University of Milan},
  year={2011}
}

@inproceedings{garcia2013computational,
  title={A computational framework for attentional 3D object detection},
  author={Garc{\'i}a, Germ{\'a}n Mart{\'i}n and Frintrop, Simone},
  booktitle={Proc. of the Annual Conf. of the Cognitive Science Society},
  year={2013},
  organization={Citeseer}
}

@article{garcia2013attention,
  title={Attention-based detection of unknown objects in a situated vision framework},
  author={Garc{\'i}a, Germ{\'a}n Mart{\'i}n and Frintrop, Simone and Cremers, Armin B},
  journal={KI-K{\"u}nstliche Intelligenz},
  volume={27},
  number={3},
  pages={267--272},
  year={2013},
  publisher={Springer}
}

@inproceedings{horbert2015sequence,
  title={Sequence-level object candidates based on saliency for generic object recognition on mobile systems},
  author={Horbert, Esther and Garc{\'\i}a, Germ{\'a}n M and Frintrop, Simone and Leibe, Bastian},
  booktitle={2015 IEEE International Conference on Robotics and Automation (ICRA)},
  pages={127--134},
  year={2015},
  organization={IEEE}
}

@article{pito1999solution,
  title={A solution to the next best view problem for automated surface acquisition},
  author={Pito, Richard},
  journal={IEEE Transactions on Pattern Analysis and Machine Intelligence},
  volume={21},
  number={10},
  pages={1016--1030},
  year={1999},
  publisher={IEEE}
}


@article{surmann2003autonomous,
  title={An autonomous mobile robot with a 3D laser range finder for 3D exploration and digitalization of indoor environments},
  author={Surmann, Hartmut and N{\"u}chter, Andreas and Hertzberg, Joachim},
  journal={Robotics and Autonomous Systems},
  volume={45},
  number={3},
  pages={181--198},
  year={2003},
  publisher={Elsevier}
}

@article{lauri2015planning,
  title={Planning for robotic exploration based on forward simulation},
  author={Lauri, Mikko and Ritala, Risto},
  journal={arXiv preprint arXiv:1502.02474},
  year={2015}
}

@article{brooks1986robust,
  title={A robust layered control system for a mobile robot},
  author={Brooks, Rodney},
  journal={IEEE journal on robotics and automation},
  volume={2},
  number={1},
  pages={14--23},
  year={1986},
  publisher={IEEE}
}

@InProceedings{firman2016,
  author    = {Michael Firman},
  title     = {{RGBD Datasets: Past, Present and Future}},
  booktitle = {CVPR Workshop on Large Scale 3D Data: Acquisition, Modelling and Analysis},
  year      = {2016},
}

@Conference{ikkala2016,
  author    = {Aleksi Ikkala and Joni Pajarinen and Ville Kyrki},
  title     = {Benchmarking RGB-D Segmentation: Toy Dataset of Complex Crowded Scenes},
  booktitle = {Proceedings of the 11th Joint Conference on Computer Vision, Imaging and Computer Graphics Theory and Applications - Volume 4: VISAPP,},
  year      = {2016},
  pages     = {107-116},
  doi       = {10.5220/0005675501070116},
  isbn      = {978-989-758-175-5},
}

@Electronic{ROSWikiNavigation,
  month = {12},
  year  = {2016},
  url   = {https://wiki.ros.org/navigation},
}

@Comment{jabref-meta: databaseType:bibtex;}
