% Encoding: UTF-8


@Article{Atanasov2014,
  Title                    = {Nonmyopic View Planning for Active Object Classification and Pose Estimation},
  Author                   = {N. Atanasov and B. Sankaran and J. Le Ny and G. J. Pappas and K. Daniilidis},
  Journal                  = {IEEE Transactions on Robotics},
  Year                     = {2014},

  Month                    = {Oct},
  Number                   = {5},
  Pages                    = {1078-1090},
  Volume                   = {30},

  Doi                      = {10.1109/TRO.2014.2320795},
  ISSN                     = {1552-3098},
  Keywords                 = {Markov processes;cameras;decision theory;image classification;object detection;pose estimation;robot vision;PR2 robot;active hypothesis testing problem;active object classification;computer vision;greedy viewpoint selection;mobile depth camera;nonmyopic view planning;point-based approximate partially observable Markov decision process algorithm;pose estimation;sensor mobility;single image processing;static object detection;Cameras;Detectors;Estimation;Mobile communication;Planning;Robot sensing systems;Active object classification and pose estimation;hypothesis testing;motion control;planning and control for mobile sensors;recognition;robotics;vocabulary tree}
}

@article{Pirovano2011,
  title={Kinfu--an open source implementation of Kinect Fusion+ case study: implementing a 3D scanner with PCL},
  author={Pirovano, Michele},
  journal={Project Assignment, 3D structure from visual motion, University of Milan},
  year={2011}
}

@InProceedings{Firman2016,
  Title                    = {{RGBD Datasets: Past, Present and Future}},
  Author                   = {Michael Firman},
  Booktitle                = {CVPR Workshop on Large Scale 3D Data: Acquisition, Modelling and Analysis},
  Year                     = {2016}
}

@InProceedings{Garcia2013computational,
  Title                    = {A computational framework for attentional 3D object detection},
  Author                   = {Garc{\'i}a, Germ{\'a}n Mart{\'i}n and Frintrop, Simone},
  Booktitle                = {Proc. of the Annual Conf. of the Cognitive Science Society},
  Year                     = {2013},
  Organization             = {Citeseer}
}

@InProceedings{Garcia2015,
  Title                    = {Saliency-based object discovery on RGB-D data with a late-fusion approach},
  Author                   = {G. M. Garc{\'i}a and E. Potapova and T. Werner and M. Zillich and M. Vincze and S. Frintrop},
  Booktitle                = {2015 IEEE International Conference on Robotics and Automation (ICRA)},
  Year                     = {2015},
  Month                    = {May},
  Pages                    = {1866-1873},

  Doi                      = {10.1109/ICRA.2015.7139441},
  ISSN                     = {1050-4729},
  Keywords                 = {image colour analysis;image fusion;image segmentation;image sequences;object recognition;RGB-D data;clutter;color segmentation algorithms;depth segmentation algorithms;indoor scenes;late-fusion approach;object candidates ranking;saliency-based object discovery;segment extraction;sequence;Color;Image color analysis;Image segmentation;Proposals;Robots;Support vector machines;Three-dimensional displays}
}

@InProceedings{Horbert2015,
  author    = {E. Horbert and G. M. García and S. Frintrop and B. Leibe},
  title     = {Sequence-level object candidates based on saliency for generic object recognition on mobile systems},
  booktitle = {2015 IEEE International Conference on Robotics and Automation (ICRA)},
  year      = {2015},
  pages     = {127-134},
  month     = {May},
  doi       = {10.1109/ICRA.2015.7138990},
  issn      = {1050-4729},
  keywords  = {image filtering;image sequences;object recognition;pipeline processing;search problems;video signal processing;candidate generation problem;continuous monocular video;exhaustive window-based search;generic object recognition;inconsistent region filtering;mobile system;multiscale saliency approach;object discovery;processing pipeline;sequence level object candidate;video sequences;Image segmentation;Merging;Support vector machines},
}

@Article{Hosang2016,
  author   = {J. Hosang and R. Benenson and P. Dollár and B. Schiele},
  title    = {What Makes for Effective Detection Proposals?},
  journal  = {IEEE Transactions on Pattern Analysis and Machine Intelligence},
  year     = {2016},
  volume   = {38},
  number   = {4},
  pages    = {814-830},
  month    = {April},
  doi      = {10.1109/TPAMI.2015.2465908},
  issn     = {0162-8828},
  keywords = {object detection;DPM detection performance;Fast R-CNN detection performance;ImageNet;MS COCO;PASCAL;average recall;ground truth annotation recall;object detection;object localisation;proposal localisation accuracy;proposal repeatability;Detectors;Image edge detection;Image segmentation;Measurement;Object detection;Proposals;Training;Computer Vision;Computer vision;detection proposals;object detection},
}

@Article{Lauri2015,
  Title                    = {Planning for robotic exploration based on forward simulation},
  Author                   = {Mikko Lauri and Risto Ritala},
  Journal                  = {CoRR},
  Year                     = {2015},
  Volume                   = {abs/1502.02474},

  Bibsource                = {dblp computer science bibliography, http://dblp.org},
  Biburl                   = {http://dblp.uni-trier.de/rec/bib/journals/corr/LauriR15},
  Timestamp                = {Mon, 02 Mar 2015 14:17:34 +0100},
  Url                      = {http://arxiv.org/abs/1502.02474}
}

@InProceedings{Lauri2014,
  Title                    = {Stochastic control for maximizing mutual information in active sensing},
  Author                   = {Mikko Lauri and Risto Ritala},
  Booktitle                = {ICRA 2014 Workshop: Robots in Homes and Industry: Where to Look First?},
  Year                     = {2014},
  Month                    = {06},
  Note                     = {Contribution: organisation=ase,FACT1=1<br/>Portfolio EDEND: 2014-08-30}
}

@Article{Valimaki2016,
  Title                    = {Optimizing Gaze Direction in a Visual Navigation Task},
  Author                   = {Tuomas V{\"{a}}lim{\"{a}}ki and Risto Ritala},
  Journal                  = {CoRR},
  Year                     = {2016},
  Volume                   = {abs/1602.04981},

  Bibsource                = {dblp computer science bibliography, http://dblp.org},
  Biburl                   = {http://dblp.uni-trier.de/rec/bib/journals/corr/ValimakiR16},
  Timestamp                = {Tue, 01 Mar 2016 17:47:25 +0100},
  Url                      = {http://arxiv.org/abs/1602.04981}
}

@InBook{Werner2015,
  Title                    = {Saliency-Guided Object Candidates Based on Gestalt Principles},
  Author                   = {Werner, Thomas and Mart{\'i}n-Garc{\'i}a, Germ{\'a}n and Frintrop, Simone},
  Editor                   = {Nalpantidis, Lazaros and Kr{\"u}ger, Volker and Eklundh, Jan-Olof and Gasteratos, Antonios},
  Pages                    = {34--44},
  Publisher                = {Springer International Publishing},
  Year                     = {2015},

  Address                  = {Cham},

  Booktitle                = {Computer Vision Systems: 10th International Conference, ICVS 2015, Copenhagen, Denmark, July 6-9, 2015, Proceedings},
  Doi                      = {10.1007/978-3-319-20904-3_4},
  ISBN                     = {978-3-319-20904-3},
  Url                      = {http://dx.doi.org/10.1007/978-3-319-20904-3_4}
}

@Conference{ikkala2016,
  author    = {Aleksi Ikkala and Joni Pajarinen and Ville Kyrki},
  title     = {Benchmarking RGB-D Segmentation: Toy Dataset of Complex Crowded Scenes},
  booktitle = {Proceedings of the 11th Joint Conference on Computer Vision, Imaging and Computer Graphics Theory and Applications - Volume 4: VISAPP,},
  year      = {2016},
  pages     = {107-116},
  doi       = {10.5220/0005675501070116},
  isbn      = {978-989-758-175-5},
}

@Misc{ROSWikiNavigation,
  title        = {ROS Wiki: Navigation},
  howpublished = {https://wiki.ros.org/navigation},
  note         = {Retrieved 07/12/2016},
}

@Comment{jabref-meta: databaseType:bibtex;}
