% Encoding: UTF-8
@article{atanasov2014nonmyopic,
  title={Nonmyopic view planning for active object classification and pose estimation},
  author={Atanasov, Nikolay and Sankaran, Bharath and Le Ny, Jerome and Pappas, George J and Daniilidis, Kostas},
  journal={IEEE Transactions on Robotics},
  volume={30},
  number={5},
  pages={1078--1090},
  year={2014},
  publisher={IEEE}
}

@inproceedings{garcia2013computational,
  title={A computational framework for attentional 3D object detection},
  author={Garc{\'i}a, Germ{\'a}n Mart{\'i}n and Frintrop, Simone},
  booktitle={Proc. of the Annual Conf. of the Cognitive Science Society},
  year={2013},
  organization={Citeseer}
}

@inproceedings{meger2010curious,
  title={Curious george: An integrated visual search platform},
  author={Meger, David and Muja, Marius and Helmer, Scott and Gupta, Ankur and Gamroth, Catherine and Hoffman, Tomas and Baumann, Matthew and Southey, Tristram and Fazli, Pooyan and Wohlkinger, Walter and others},
  booktitle={Computer and Robot Vision (CRV), 2010 Canadian Conference on},
  pages={107--114},
  year={2010},
  organization={IEEE}
}

