% Encoding: UTF-8
@article{atanasov2014nonmyopic,
  title={Nonmyopic view planning for active object classification and pose estimation},
  author={Atanasov, Nikolay and Sankaran, Bharath and Le Ny, Jerome and Pappas, George J and Daniilidis, Kostas},
  journal={IEEE Transactions on Robotics},
  volume={30},
  number={5},
  pages={1078--1090},
  year={2014},
  publisher={IEEE}
}

@inproceedings{garcia2013computational,
  title={A computational framework for attentional 3D object detection},
  author={Garc{\'i}a, Germ{\'a}n Mart{\'i}n and Frintrop, Simone},
  booktitle={Proc. of the Annual Conf. of the Cognitive Science Society},
  year={2013},
  organization={Citeseer}
}

@inproceedings{meger2010curious,
  title={Curious george: An integrated visual search platform},
  author={Meger, David and Muja, Marius and Helmer, Scott and Gupta, Ankur and Gamroth, Catherine and Hoffman, Tomas and Baumann, Matthew and Southey, Tristram and Fazli, Pooyan and Wohlkinger, Walter and others},
  booktitle={Computer and Robot Vision (CRV), 2010 Canadian Conference on},
  pages={107--114},
  year={2010},
  organization={IEEE}
}

@inproceedings{garcia2015saliency,
  title={Saliency-based object discovery on RGB-D data with a late-fusion approach},
  author={Garc{\'\i}a, Germ{\'a}n M and Potapova, Ekaterina and Werner, Thomas and Zillich, Michael and Vincze, Markus and Frintrop, Simone},
  booktitle={Robotics and Automation (ICRA), 2015 IEEE International Conference on},
  pages={1866--1873},
  year={2015},
  organization={IEEE}
}

@inproceedings{papon2013voxel,
  title={Voxel cloud connectivity segmentation-supervoxels for point clouds},
  author={Papon, Jeremie and Abramov, Alexey and Schoeler, Markus and Worgotter, Florentin},
  booktitle={Proceedings of the IEEE Conference on Computer Vision and Pattern Recognition},
  pages={2027--2034},
  year={2013}
}

@inproceedings{frintrop2015traditional,
  title={Traditional saliency reloaded: A good old model in new shape},
  author={Frintrop, Simone and Werner, Thomas and Martin Garcia, German},
  booktitle={Proceedings of the IEEE Conference on Computer Vision and Pattern Recognition},
  pages={82--90},
  year={2015}
}

@article{felzenszwalb2004efficient,
  title={Efficient graph-based image segmentation},
  author={Felzenszwalb, Pedro F and Huttenlocher, Daniel P},
  journal={International journal of computer vision},
  volume={59},
  number={2},
  pages={167--181},
  year={2004},
  publisher={Springer}
}

@article{surmann2003autonomous,
  title={An autonomous mobile robot with a 3D laser range finder for 3D exploration and digitalization of indoor environments},
  author={Surmann, Hartmut and N{\"u}chter, Andreas and Hertzberg, Joachim},
  journal={Robotics and Autonomous Systems},
  volume={45},
  number={3},
  pages={181--198},
  year={2003},
  publisher={Elsevier}
}

@inproceedings{li2016incremental,
  title={Incremental scene understanding on dense SLAM},
  author={Li, Chi and Xiao, Han and Tateno, Keisuke and Tombari, Federico and Navab, Nassir and Hager, Gregory D},
  booktitle={Intelligent Robots and Systems (IROS), 2016 IEEE/RSJ International Conference on},
  pages={574--581},
  year={2016},
  organization={IEEE}
}

@article{brooks1986,
author={R. Brooks},
journal={IEEE Journal on Robotics and Automation},
title={A robust layered control system for a mobile robot},
year={1986},
volume={2},
number={1},
pages={14-23},
keywords={Hierarchical systems;Robots, locomotion;Robustness;Acoustic sensors;Boundary conditions;Control systems;Infrared sensors;Laboratories;Mobile robots;Robot control;Robot sensing systems;Robotics and automation;Robust control},
doi={10.1109/JRA.1986.1087032},
ISSN={0882-4967},
month={Mar},}

@article{grisetti2007, 
author={G. Grisetti and C. Stachniss and W. Burgard}, 
journal={IEEE Transactions on Robotics}, 
title={Improved Techniques for Grid Mapping With Rao-Blackwellized Particle Filters}, 
year={2007}, 
volume={23}, 
number={1}, 
pages={34-46}, 
keywords={SLAM (robots);mobile robots;particle filtering (numerical methods);Rao-Blackwellized particle filters;grid mapping;mobile robots;particle depletion;simultaneous localization and mapping problem;Computer science;Contracts;Distributed computing;Mobile robots;Orbital robotics;Particle filters;Proposals;Robot sensing systems;Simultaneous localization and mapping;Uncertainty;Adaptive resampling;Rao-Blackwellized particle filter (RBPF);improved proposal;motion model;simultaneous localization and mapping (SLAM)}, 
doi={10.1109/TRO.2006.889486}, 
ISSN={1552-3098}, 
month={Feb},}

@inproceedings{yamauchi1997frontier,
  title={A frontier-based approach for autonomous exploration},
  author={Yamauchi, Brian},
  booktitle={Computational Intelligence in Robotics and Automation, 1997. CIRA'97., Proceedings., 1997 IEEE International Symposium on},
  pages={146--151},
  year={1997},
  organization={IEEE}
}

@inproceedings{newcombe2011kinectfusion,
  title={{KinectFusion: Real-time dense surface mapping and tracking}},
  author={Newcombe, Richard A. and Izadi, Shahram and Hilliges, Otmar and Molyneaux, David and Kim, David and Davison, Andrew J. and Kohi, Pushmeet and Shotton, Jamie and Hodges, Steve and Fitzgibbon, Andrew},
  booktitle={Mixed and Augmented Reality (ISMAR), 2011 10th IEEE International Symposium on Mixed and Augmented Reality},
  pages={127--136},
  year={2011},
  organization={IEEE}
}

@article{meagher1982octrees,
  doi = {10.1016/0146-664x(82)90104-6},
  url = {https://doi.org/10.1016/0146-664x(82)90104-6},
  year  = {1982},
  month = {jun},
  publisher = {Elsevier {BV}},
  volume = {19},
  number = {2},
  pages = {129--147},
  author = {Donald Meagher},
  title = {Geometric modeling using octree encoding},
  journal = {Computer Graphics and Image Processing}
}

@ARTICLE{hornung13octomap,
  author = {Armin Hornung and Kai M. Wurm and Maren Bennewitz and Cyrill
  Stachniss and Wolfram Burgard},
  title = {{OctoMap}: An Efficient Probabilistic {3D} Mapping Framework Based
  on Octrees},
  journal = {Autonomous Robots},
  year = 2013,
  url = {http://octomap.github.com},
  doi = {10.1007/s10514-012-9321-0},
  note = {Software available at \url{http://octomap.github.com}}
}

@article{calli2015benchmarking,
  title={Benchmarking in manipulation research: Using the Yale-CMU-Berkeley object and model set},
  author={Calli, Berk and Walsman, Aaron and Singh, Arjun and Srinivasa, Siddhartha and Abbeel, Pieter and Dollar, Aaron M},
  journal={IEEE Robotics \& Automation Magazine},
  volume={22},
  number={3},
  pages={36--52},
  year={2015},
  publisher={IEEE}
}

@Article{monica2017,
author="Monica, Riccardo
and Aleotti, Jacopo",
title="Contour-based next-best view planning from point cloud segmentation of unknown objects",
journal="Autonomous Robots",
year="2017",
pages="1--16",
abstract="A novel strategy is presented to determine the next-best view for a robot arm, equipped with a depth camera in eye-in-hand configuration, which is oriented to autonomous exploration of unknown objects. Instead of maximizing the total size of the expected unknown volume that becomes visible, the next-best view is chosen to observe the border of incomplete objects. Salient regions of space that belong to the objects are detected, without any prior knowledge, by applying a point cloud segmentation algorithm. The system uses a Kinect V2 sensor, which has not been considered in previous works on next-best view planning, and it exploits KinectFusion to maintain a volumetric representation of the environment. A low-level procedure to reduce Kinect V2 invalid points is also presented. The viability of the approach has been demonstrated in a real setup where the robot is fully autonomous. Experiments indicate that the proposed method enables the robot to actively explore the objects faster than a standard next-best view algorithm.",
issn="1573-7527",
doi="10.1007/s10514-017-9618-0",
url="http://dx.doi.org/10.1007/s10514-017-9618-0"
}

@ARTICLE{endres2014rgbdslam,
author={F. Endres and J. Hess and J. Sturm and D. Cremers and W. Burgard},
journal={IEEE Transactions on Robotics},
title={3-D Mapping With an RGB-D Camera},
year={2014},
volume={30},
number={1},
pages={177-187},
keywords={feature extraction;image colour analysis;image motion analysis;image sensors;mobile robots;robot vision;3-D mapping;Microsoft Kinect;RGB-D camera;RGB-D sensors;detailed 3-D models;domestic robots;fast camera motions;feature descriptor;feature-poor environments;flying robots;free-hand reconstruction;online operation;open source;quadrocopters;robotics community;vacuum cleaners;validation methods;visual features;Cameras;Estimation;Robot vision systems;Simultaneous localization and mapping;Visualization;Localization;RGB-D;mapping;open source;simultaneous localization and mapping (SLAM)},
doi={10.1109/TRO.2013.2279412},
ISSN={1552-3098},
month={Feb},}

@inproceedings{blodow2011autonomous,
  title={Autonomous semantic mapping for robots performing everyday manipulation tasks in kitchen environments},
  author={Blodow, Nico and Goron, Lucian Cosmin and Marton, Zoltan-Csaba and Pangercic, Dejan and R{\"u}hr, Thomas and Tenorth, Moritz and Beetz, Michael},
  booktitle={Intelligent Robots and Systems (IROS), 2011 IEEE/RSJ International Conference on},
  pages={4263--4270},
  year={2011},
  organization={IEEE}
}


@article{delmerico2017nbvsurvey,
  doi = {10.1007/s10514-017-9634-0},
  url = {https://doi.org/10.1007/s10514-017-9634-0},
  year  = {2017},
  month = {apr},
  publisher = {Springer Nature},
  author = {Jeffrey Delmerico and Stefan Isler and Reza Sabzevari and Davide Scaramuzza},
  title = {A comparison of volumetric information gain metrics for active 3D object reconstruction},
  journal = {Autonomous Robots}
}

@InProceedings{doumanoglou2016,
author = {Doumanoglou, Andreas and Kouskouridas, Rigas and Malassiotis, Sotiris and Kim, Tae-Kyun},
title = {Recovering 6D Object Pose and Predicting Next-Best-View in the Crowd},
booktitle = {The IEEE Conference on Computer Vision and Pattern Recognition (CVPR)},
month = {June},
year = {2016}
} 

@article{xu2016,
 author = {Xu, Kai and Shi, Yifei and Zheng, Lintao and Zhang, Junyu and Liu, Min and Huang, Hui and Su, Hao and Cohen-Or, Daniel and Chen, Baoquan},
 title = {3D Attention-driven Depth Acquisition for Object Identification},
 journal = {ACM Trans. Graph.},
 issue_date = {November 2016},
 volume = {35},
 number = {6},
 month = nov,
 year = {2016},
 issn = {0730-0301},
 pages = {238:1--238:14},
 articleno = {238},
 numpages = {14},
 url = {http://doi.acm.org/10.1145/2980179.2980224},
 doi = {10.1145/2980179.2980224},
 acmid = {2980224},
 publisher = {ACM},
 address = {New York, NY, USA},
 keywords = {3D acquisition, attention-based model, depth camera, next-best-view, object identification, shape classification},
} 